<?xml version="1.0" encoding="UTF-8"?><collection xmlns="http://www.loc.gov/MARC21/slim"><record><leader>00505nam--2200193-u-4500</leader><controlfield tag="001">000053708</controlfield><controlfield tag="002">20161230</controlfield><controlfield tag="005">20161230201051</controlfield><controlfield tag="008">110531s1000------------r-----000-0-rus-d</controlfield><datafield ind1=" " ind2=" " tag="040"><subfield code="a">IFIN-HH</subfield></datafield><datafield ind1=" " ind2=" " tag="041"><subfield code="a">rus</subfield></datafield><datafield ind1=" " ind2=" " tag="080"><subfield code="a">536.7:537.84</subfield></datafield><datafield ind1="1" ind2=" " tag="100"><subfield code="a">Novikov, I.I</subfield></datafield><datafield ind1="1" ind2="0" tag="245"><subfield code="a">Prikladnaia termodinamika i teploperedatia</subfield><subfield code="c">I.i. novikov; k.d. voskresenkii</subfield></datafield><datafield ind1=" " ind2=" " tag="260"><subfield code="a">Moskva</subfield><subfield code="b">Atomizdat</subfield><subfield code="c">1977</subfield></datafield><datafield ind1=" " ind2=" " tag="300"><subfield code="a">349P</subfield></datafield><datafield ind1="1" ind2=" " tag="700"><subfield code="a">Voskresenkii, K.D</subfield></datafield><datafield ind1=" " ind2=" " tag="852"><subfield code="a">46114</subfield><subfield code="c">536.7</subfield></datafield><datafield ind1=" " ind2=" " tag="CAT"><subfield code="a">Sys</subfield><subfield code="c">20110531</subfield><subfield code="h">125408</subfield></datafield></record></collection>